<?xml version="1.0" encoding="UTF-8"?>
<record xmlns="http://www.loc.gov/MARC21/slim" xmlns:xsi="http://www.w3.org/2001/XMLSchema-instance" xsi:schemaLocation="http://www.loc.gov/MARC21/slim http://www.loc.gov/standards/marcxml/schema/MARC21slim.xsd">
<leader>     cam a2200265   4500</leader>
<controlfield tag="001">002041195</controlfield>
<controlfield tag="003">NNU</controlfield>
<controlfield tag="005">19940725150406.0</controlfield>
<controlfield tag="008">921014s1931    ti            000 0 arar</controlfield>
<datafield tag="010" ind1=" " ind2=" ">
<subfield code="a">72225635</subfield>
</datafield>
<datafield tag="035" ind1="9" ind2=" ">
<subfield code="a">NYUb10993722</subfield>
</datafield>
<datafield tag="035" ind1=" " ind2=" ">
<subfield code="a">(CStRLIN)NYUG92-B105005</subfield>
</datafield>
<datafield tag="035" ind1=" " ind2=" ">
<subfield code="a">GLIS009937227</subfield>
</datafield>
<datafield tag="040" ind1=" " ind2=" ">
<subfield code="c">NNU</subfield>
</datafield>
<datafield tag="090" ind1=" " ind2=" ">
<subfield code="i">11/06/92 T</subfield>
<subfield code="h">10/14/92 CT</subfield>
</datafield>
<datafield tag="100" ind1="1" ind2=" ">
<subfield code="a">Raṣṣāʻ, Muḥammad ibn Qāsim.</subfield>
</datafield>
<datafield tag="240" ind1="1" ind2="0">
<subfield code="a">Hidāyah al-kāfiyah al-shāfiyah</subfield>
</datafield>
<datafield tag="245" ind1="1" ind2="0">
<subfield code="a">Kitāb sharḥ Ḥudūd al-Imām al-akbar al-barakah al-qudwah al-anwar Abī ʻAbd Allāh Muḥammad ibn ʻArafah al-mutawafī sanat 803,</subfield>
<subfield code="c">lil-Imām Abī ʻAbd Allāh Muḥammad al-Anṣārī al-mashhūr bi-al-Raṣṣāʻ al-Tūnisī.</subfield>
</datafield>
<datafield tag="250" ind1=" " ind2=" ">
<subfield code="a">al-Ṭabʻah 1.</subfield>
</datafield>
<datafield tag="260" ind1=" " ind2=" ">
<subfield code="a">Tūnis,</subfield>
<subfield code="b">al-Maktabah al-ʻIlmīyah,</subfield>
<subfield code="c">1350 [1931 or 2]</subfield>
</datafield>
<datafield tag="300" ind1=" " ind2=" ">
<subfield code="a">543 p.</subfield>
<subfield code="c">25 cm.</subfield>
</datafield>
<datafield tag="500" ind1=" " ind2=" ">
<subfield code="a">Work known also under title: al-Hidāyah al-kāfiyah al-shāfiyah li-bayān ḥaqāʼiq al-Imām Ibn ʻArafah al-Wāfiyah.</subfield>
</datafield>
<datafield tag="650" ind1=" " ind2="0">
<subfield code="a">Islamic law.</subfield>
</datafield>
<datafield tag="700" ind1="1" ind2=" ">
<subfield code="a">Ibn ʻArafah al-Warghamī, Muḥammad ibn Muḥammad,</subfield>
<subfield code="d">1316-1401.</subfield>
<subfield code="t">al-Nhudūd al-fiqhīyah.</subfield>
</datafield>
<datafield tag="740" ind1="0" ind2=" ">
<subfield code="a">Sharḥ Ḥudūd al-Imām.</subfield>
</datafield>
<datafield tag="OWN" ind1=" " ind2=" ">
<subfield code="a">GENERAL</subfield>
</datafield>
<datafield tag="998" ind1=" " ind2=" ">
<subfield code="a">11/06/92</subfield>
<subfield code="t">c</subfield>
<subfield code="s">9114</subfield>
<subfield code="n">NNU</subfield>
<subfield code="w">NYUG92B105005</subfield>
<subfield code="d">10/14/92</subfield>
<subfield code="c">MG</subfield>
<subfield code="b">RLG</subfield>
<subfield code="i">921106</subfield>
<subfield code="h">921014</subfield>
<subfield code="l">NYUG</subfield>
</datafield>
<datafield tag="AVA" ind1=" " ind2=" ">
<subfield code="a">NYU50</subfield>
<subfield code="b">BOBST</subfield>
<subfield code="c">Main Collection</subfield>
<subfield code="d">BP175.J5 R45 1931</subfield>
<subfield code="e">unavailable</subfield>
<subfield code="t">Unavailable</subfield>
<subfield code="f">1</subfield>
<subfield code="g">1</subfield>
<subfield code="h">N</subfield>
<subfield code="i">0</subfield>
<subfield code="j">MAIN</subfield>
<subfield code="k">0</subfield>
</datafield>
</record>
